@Book{kg-book,
  author    = {Hogan, Aidan and Blomqvist, Eva and Cochez, Michael and d'Amato, Claudia and de Melo, Gerard and Guti\'errez, Claudio and Kirrane, Sabrina and Labra Gayo, Jos\'e Emilio and Navigli, Roberto and Neumaier, Sebastian and Ngonga Ngomo, Axel-Cyrille and Polleres, Axel and Rashid, Sabbir M. and Rula, Anisa and Schmelzeisen, Lukas and Sequeda, Juan F. and Staab, Steffen and Zimmermann, Antoine},
  publisher = {Morgan \& Claypool},
  title     = {{K}nowledge {G}raphs},
  year      = {2021},
  isbn      = {9781636392363},
  number    = {22},
  series    = {Synthesis Lectures on Data, Semantics, and Knowledge},
  doi       = {10.2200/S01125ED1V01Y202109DSK022},
  language  = {English},
  numpages  = {237},
  url       = {https://kgbook.org/},
}

@Standard{semantic-web,
  institution  = {The World Wide Web Consortium},
  organization = {The World Wide Web Consortium},
  title        = {{S}emantic {W}eb},
  author       = {The World Wide Web Consortium},
  url          = {https://www.w3.org/standards/semanticweb/},
  year         = {2015},
  timestamp    = {2022-06-26},
}

@Misc{shuyang_li_2019,
  author    = {Shuyang Li},
  title     = {{F}ood.com {R}ecipes and {I}nteractions},
  year      = {2019},
  doi       = {10.34740/KAGGLE/DSV/783630},
  publisher = {Kaggle},
  url       = {https://www.kaggle.com/dsv/783630},
}

@Article{marin2019learning,
  author  = {Marin, Javier and Biswas, Aritro and Ofli, Ferda and Hynes, Nicholas and Salvador, Amaia and Aytar, Yusuf and Weber, Ingmar and Torralba, Antonio},
  journal = {{IEEE} Trans. Pattern Anal. Mach. Intell.},
  title   = {{R}ecipe1{M}+: {A} {D}ataset for {L}earning {C}ross-{M}odal {E}mbeddings for {C}ooking {R}ecipes and {F}ood {I}mages},
  year    = {2019},
}

@Electronic{open-recipes,
  author       = {Finkler, Ed and Shiflett, Chris and Birkeb√¶k, Andreas},
  organization = {Fictive Kin},
  title        = {{O}pen {R}ecipes},
  url          = {https://openrecip.es/},
  timestamp    = {2022-06-27},
}

@Comment{jabref-meta: databaseType:bibtex;}
